<record><leader>00000cas a22000007a 4500</leader><controlfield tag="001">11332164</controlfield><controlfield tag="008">841031d18831966inudn ne      0    0eng d</controlfield><datafield ind1=" " ind2=" " tag="010"><subfield code="a">sn 84045440 </subfield></datafield><datafield ind1=" " ind2=" " tag="040"><subfield code="a">NPI</subfield><subfield code="b">eng</subfield><subfield code="c">NPI</subfield><subfield code="d">CRL</subfield><subfield code="d">OCLCQ</subfield><subfield code="d">OCLCF</subfield><subfield code="d">OCLCO</subfield></datafield><datafield ind1=" " ind2=" " tag="042"><subfield code="a">msc</subfield></datafield><datafield ind1=" " ind2=" " tag="043"><subfield code="a">n-us-in</subfield></datafield><datafield ind1="0" ind2=" " tag="130"><subfield code="a">Evening Republican (Columbus, Ind.)</subfield></datafield><datafield ind1="1" ind2="4" tag="245"><subfield code="a">The evening Republican.</subfield></datafield><datafield ind1=" " ind2=" " tag="260"><subfield code="a">Columbus, Ind. :</subfield><subfield code="b">Robert N. Brown,</subfield><subfield code="c">1883-1966.</subfield></datafield><datafield ind1=" " ind2=" " tag="300"><subfield code="a">84 v. :</subfield><subfield code="b">ill. ;</subfield><subfield code="c">56 cm.</subfield></datafield><datafield ind1=" " ind2=" " tag="310"><subfield code="a">Daily (except Sundays and holidays)</subfield></datafield><datafield ind1="0" ind2=" " tag="362"><subfield code="a">Vol. 6, no. 62 (Feb. 10, 1883)-no. 307 (Dec. 31, 1966).</subfield></datafield><datafield ind1=" " ind2=" " tag="530"><subfield code="a">Also issued on microfilm from UMI.</subfield></datafield><datafield ind1=" " ind2=" " tag="580"><subfield code="a">Weekly ed.: Columbus Republican (Columbus, Ind. : 1872).</subfield></datafield><datafield ind1=" " ind2="0" tag="651"><subfield code="a">Columbus (Ind.)</subfield><subfield code="v">Newspapers.</subfield></datafield><datafield ind1=" " ind2="7" tag="655"><subfield code="a">Newspapers.</subfield><subfield code="2">fast</subfield><subfield code="0">(OCoLC)fst01423814</subfield></datafield><datafield ind1=" " ind2="7" tag="651"><subfield code="a">Indiana</subfield><subfield code="z">Columbus.</subfield><subfield code="2">fast</subfield><subfield code="0">(OCoLC)fst01207361</subfield></datafield><datafield ind1=" " ind2=" " tag="752"><subfield code="a">United States</subfield><subfield code="b">Indiana</subfield><subfield code="c">Bartholomew</subfield><subfield code="d">Columbus.</subfield></datafield><datafield ind1="1" ind2=" " tag="775"><subfield code="t">Columbus Republican (Columbus, Ind. : 1872)</subfield><subfield code="w">(DLC)sn 84027298</subfield><subfield code="w">(OCoLC)11011039</subfield></datafield><datafield ind1="0" ind2="0" tag="780"><subfield code="t">Daily evening Republican (Columbus, Ind.)</subfield><subfield code="w">(DLC)sn 85047939</subfield><subfield code="w">(OCoLC)12166508</subfield></datafield><datafield ind1="0" ind2="5" tag="780"><subfield code="t">Columbus ledger (Columbus, Ind.)</subfield><subfield code="g">1924</subfield><subfield code="w">(DLC)sn 86058687</subfield><subfield code="w">(OCoLC)13872359</subfield></datafield><datafield ind1="0" ind2="0" tag="785"><subfield code="t">Republic (Columbus, Ind.)</subfield><subfield code="w">(DLC)sn 85047938</subfield><subfield code="w">(OCoLC)12166653</subfield></datafield></record>